<?xml version="1.0" encoding="UTF-8"?><collection><record><leader>06489ntm a2200577 a 4500</leader><controlfield tag="001">005985770</controlfield><controlfield tag="003">MiAaHDL</controlfield><controlfield tag="005">20190719000000.0</controlfield><controlfield tag="006">m        d        </controlfield><controlfield tag="007">cr bn ---auaua</controlfield><controlfield tag="008">090406s1374    ir            00| ||ara d</controlfield><datafield tag="035" ind1=" " ind2=" "><subfield code="a">(MiU)005985770</subfield></datafield><datafield tag="035" ind1=" " ind2=" "><subfield code="a">sdr-miu005985770</subfield></datafield><datafield tag="040" ind1=" " ind2=" "><subfield code="a">MiU</subfield><subfield code="c">MiU</subfield><subfield code="e">amremm</subfield></datafield><datafield tag="043" ind1=" " ind2=" "><subfield code="a">n-us-mi</subfield></datafield><datafield tag="100" ind1="1" ind2=" "><subfield code="6">880-01</subfield><subfield code="a">Baghawī, al-Ḥusayn ibn Masʻūd,</subfield><subfield code="d">-1117?</subfield></datafield><datafield tag="240" ind1="1" ind2="0"><subfield code="6">880-02</subfield><subfield code="a">Maʻālim al-tanzīl.</subfield><subfield code="n">jild 3</subfield></datafield><datafield tag="245" ind1="1" ind2="3"><subfield code="6">880-03</subfield><subfield code="a">al-Jild al-thālith min Kitāb Maʻālim al-tanzīl fī tafsīr al-Qurʼān,</subfield><subfield code="f">[776, i.e. 1374].</subfield></datafield><datafield tag="246" ind1="3" ind2=" "><subfield code="i">Title from inscription on front flyleaf (p.1) and opening leaf with table of contents (p.4):</subfield><subfield code="a">معالم التنزيل</subfield></datafield><datafield tag="246" ind1="3" ind2=" "><subfield code="i">Title from inscription on front flyleaf (p.1):</subfield><subfield code="a">معالم التنزيل الثالث</subfield></datafield><datafield tag="246" ind1="3" ind2=" "><subfield code="i">Edge title (tail):</subfield><subfield code="a">الثالث من تفسير البغوي</subfield></datafield><datafield tag="260" ind1=" " ind2=" "><subfield code="a">[Arasbārān?,</subfield><subfield code="c">1374].</subfield></datafield><datafield tag="300" ind1=" " ind2=" "><subfield code="a">179 leaves :</subfield><subfield code="b">paper ;</subfield><subfield code="c">242 x 160 (175 x 110) mm.</subfield></datafield><datafield tag="500" ind1=" " ind2=" "><subfield code="a">Shelfmark: Ann Arbor, University of Michigan, Special Collections Library, Isl. Ms. 455</subfield></datafield><datafield tag="500" ind1=" " ind2=" "><subfield code="a">Origin: As appears in colophon on p.359, copied by Niẓām ibn Ḥuwayān [?] al-Bīshkīnī (Pīshkīnī or Bīshgīnī, likely a reference to the Pīshkīnids of Ahar), with transcription completed in Ṣafar 776 [July-August 1374].</subfield></datafield><datafield tag="500" ind1=" " ind2=" "><subfield code="a">Accompanying materials: Two inventory cataloguing slips in hand of Winifred Smeaton Thomas.</subfield></datafield><datafield tag="500" ind1=" " ind2=" "><subfield code="a">Former shelfmark: From front flyleaf and spine label, "IL 344a" (likely supplied by Yahuda, see acquisitions slip in Isl. Ms. 453).</subfield></datafield><datafield tag="500" ind1=" " ind2=" "><subfield code="a">Binding: Pasteboards covered in brown leather with red leather repairs to spine and fore edge flap ; Type II binding (with flap, now fully detached) ; doublures (board linings) in an elegant marbled paper (mainly in pink, dark blue, and brown) ; upper and lower covers carry large blind-stamped (with tan leather recessed onlay) mandorla (filled with vegetal composition, compare Déroche class. OAi 6) with gold-painted accents and tooled pendants (a cluster of rosette stamps), as well as tooled and gold-painted border ; sewn in pink thread, two stations ; endbands in light blue and light pink, damaged, exposing brown leather of core ; overall in quite poor condition with spine split through (at p.286), lower cover detached, flap fully detached, some abrasion and lifting and losses of leather, etc. ; housed in box for protection ; repairs in red leather (also damaged).</subfield></datafield><datafield tag="500" ind1=" " ind2=" "><subfield code="a">Support: non-European laid paper with 6-7 laid lines per cm. (horizontal) and occasional chain lines visible roughly 20 mm. apart (possibly in large group) ; well-burnished and fairly smooth, dark cream in color, fairly crisp, cloudy formation ; back flyleaves in European laid paper with crown above grapes (raisin) watermark.</subfield></datafield><datafield tag="500" ind1=" " ind2=" "><subfield code="a">Decoration: Keywords and vocalization rubricated ; Qurʼānic passages being commented upon overlined in red.</subfield></datafield><datafield tag="500" ind1=" " ind2=" "><subfield code="a">Script: Naskh ; elegant, compact Persianate hand ; mainly serifless (though rightward serif on shaqq of kāf) with slight effect of tilt to the right, especially long and vertical free-standing alifs, contrasting thickness of horizontal strokes, quite rounded with curvilinear descenders (some sweeping), many closed counters, casual pointing mainly in distinct dots, final nūn quite round with dot set down in.</subfield></datafield><datafield tag="500" ind1=" " ind2=" "><subfield code="a">Layout: Written in 24 lines per page.</subfield></datafield><datafield tag="500" ind1=" " ind2=" "><subfield code="a">Collation: 7 IV (56), 2 IV-1 (70), 13 IV 174), II+1 (179), ii ; chiefly quaternions ; catchwords present (though often obscured by repairs) ; foliation in black ink, Hindu-Arabic numerals ; pagination in pencil, Western numerals, supplied during cataloguing (includes flyleaves).</subfield></datafield><datafield tag="500" ind1=" " ind2=" "><subfield code="a">Colophon: "Scribal," reads "تمت جلد الثالث من كتاب معالم التنزيل في تفسير القرآن من تصنيف الامام الحافظ محيي السنة ركن الاسلام ابي محمد الحسين بن مسعود الفرا البغوي قدس الله روحه ... بحمد الله وحسن افضاله والصلوة والسلام على محمد ... على يد عبد الضعيف المذنب المحتاج الى رحمة الله تعالى نظام بن حويان البيشكيني غفر الله له ولوالديه في شهر المبارك صفر سنه ست وسبمعين وسبعمائة"</subfield></datafield><datafield tag="500" ind1=" " ind2=" "><subfield code="a">Explicit: "وكان الله غفورا رحيما للمؤمنين والمؤمنات والله اعلم بالصواب"</subfield></datafield><datafield tag="500" ind1=" " ind2=" "><subfield code="a">Incipit: "كهيعص قرأ ابو عمرو بكسر الهاء وفتح الياء ..."</subfield></datafield><datafield tag="500" ind1=" " ind2=" "><subfield code="a">Title from colophon on p.359.</subfield></datafield><datafield tag="500" ind1=" " ind2=" "><subfield code="a">Ms. codex.</subfield></datafield><datafield tag="510" ind1="4" ind2=" "><subfield code="a">Brockelmann, C. GAL,</subfield><subfield code="c">I 364 no.4 ; S I 620</subfield></datafield><datafield tag="520" ind1=" " ind2=" "><subfield code="a">Third of four volumes of al-Baghawī’s commentary on the Qurʼān, from Sūrat Maryam (19) to Sūrat al-Aḥzāb (33) ; contents listing on opening leaf (p.4).</subfield></datafield><datafield tag="538" ind1=" " ind2=" "><subfield code="a">Mode of access: Internet.</subfield></datafield><datafield tag="541" ind1=" " ind2=" "><subfield code="a">Acquired in 1926 from the bookseller Isaac Benjamin S.E. Yahuda via purchase transacted on his behalf by Abraham Shalom Yahuda (1877-1951), his younger brother.</subfield></datafield><datafield tag="546" ind1=" " ind2=" "><subfield code="a">Arabic.</subfield></datafield><datafield tag="561" ind1=" " ind2=" "><subfield code="a">Two ownership statements on 'title page' (p.5), reading / study notice in name of Abdullatif b. Mehmet ( عبد اللطيف بن محمد ) reads "مما طالعه الفقير عبد اللطيف بن محمد الشهير برضى [؟] زاده جعل العلم ربه زاده تم" and another in name of Ḥājjī Sulaymān al-ʻUmarī ( حاجي سليمان العمري) reads "في ... الفقير الراجي عفو ربه المتعالي [؟] العمري حاجي سليمان امامب المسجد العمري ... حلب" ; book price on 'title page' (p.5) ; marginal glosses and corrections.</subfield></datafield><datafield tag="630" ind1="0" ind2="0"><subfield code="a">Qurʼan</subfield><subfield code="v">Commentaries</subfield><subfield code="v">Early works to 1800.</subfield></datafield><datafield tag="650" ind1=" " ind2="0"><subfield code="a">Manuscripts, Arabic</subfield><subfield code="z">Michigan</subfield><subfield code="z">Ann Arbor.</subfield></datafield><datafield tag="700" ind1="0" ind2=" "><subfield code="6">880-05</subfield><subfield code="a">Niẓām ibn Ḥuwayān al-Bīshkīnī,</subfield><subfield code="d">fl. 1374,</subfield><subfield code="e">scribe.</subfield></datafield><datafield tag="773" ind1="0" ind2=" "><subfield code="a">Yahuda Collection.</subfield></datafield><datafield tag="880" ind1="0" ind2=" "><subfield code="6">700-05/</subfield><subfield code="a">نظام بن حويان البيشكيني,</subfield><subfield code="e">ناسخ.</subfield></datafield><datafield tag="880" ind1="1" ind2="2"><subfield code="6">245-03/</subfield><subfield code="a">الجلد الثالث من كتاب معالم التنزيل في تفسير القرآن,</subfield><subfield code="f">[776ه, 1374م].</subfield></datafield><datafield tag="880" ind1="1" ind2="0"><subfield code="6">240-02/</subfield><subfield code="a">معالم التنزيل.</subfield><subfield code="n">جلد 3</subfield></datafield><datafield tag="880" ind1="1" ind2=" "><subfield code="6">100-01/</subfield><subfield code="a">بغوي، الحسين بن مسعود.</subfield></datafield><datafield tag="CID" ind1=" " ind2=" "><subfield code="a">005985770</subfield></datafield><datafield tag="DAT" ind1="0" ind2=" "><subfield code="a">20190719102633.0</subfield><subfield code="b">20190719000000.0</subfield></datafield><datafield tag="DAT" ind1="1" ind2=" "><subfield code="a">20190719090653.0</subfield><subfield code="b">2019-07-19T16:11:09Z</subfield></datafield><datafield tag="DAT" ind1="2" ind2=" "><subfield code="a">2015-10-02T18:00:03Z</subfield></datafield><datafield tag="CAT" ind1=" " ind2=" "><subfield code="a">SDR-MIU</subfield><subfield code="d">EX LIBRIS - ALEPH</subfield><subfield code="l">prepare.pl-004-008</subfield></datafield><datafield tag="FMT" ind1=" " ind2=" "><subfield code="a">BK</subfield></datafield><datafield tag="HOL" ind1=" " ind2=" "><subfield code="0">sdr-miu005985770</subfield><subfield code="a">MiU</subfield><subfield code="b">SDR</subfield><subfield code="c">MIU</subfield><subfield code="p">mdp.39015079105394</subfield><subfield code="s">MIU</subfield><subfield code="1">005985770</subfield></datafield><datafield tag="974" ind1=" " ind2=" "><subfield code="b">MIU</subfield><subfield code="c">MIU</subfield><subfield code="d">20190719</subfield><subfield code="s">lit-dlps-dc</subfield><subfield code="u">mdp.39015079105394</subfield><subfield code="y">1374</subfield><subfield code="r">pd</subfield><subfield code="q">bib</subfield><subfield code="t">non-US bib date1 &lt; 1879</subfield></datafield></record></collection>